@article{chaitin,
    author = "Gregory Chaitin",
    title = {The Limits of Reason},
    journal = {Scientific American},
    year = "2006",
    url  = "https://www.cs.virginia.edu/~robins/The_Limits_of_Reason_Chaitin_2006.pdf",
}

@book{synopsis,
    title = {A synopsis of elementary results in pure mathematics},
    author = {Carr, George Shoobridge},
    isbn = {9780198520115},
    year = {1886},
    publisher = {London, F. Hodgson; Cambridge, Macmillan & Bowes},
    keywords = {Mathematics},
    url  = https://archive.org/details/synopsisofelemen00carrrich/page/n6
}

@book{computation,
    title = {Introduction to the Theory of Computation},
    author = {Sipser, Michael},
    year = {2013},
    publisher = {Cengage Learning}
}

@online{knuthwebsite,
    author = "Donald Knuth",
    title = "Knuth: Computers and Typesetting",
    url  = "http://www-cs-faculty.stanford.edu/~uno/abcde.html",
    addendum = "(accessed: 01.09.2016)",
    keywords = "latex,knuth"
}

@inbook{knuth-fa,
    author = "Donald E. Knuth",
    title = "Fundamental Algorithms",
    publisher = "Addison-Wesley",
    year = "1973",
    chapter = "1.2",
    keywords  = "knuth,programming"
}
